%% This BibTeX bibliography file was created using BibDesk.
%% http://bibdesk.sourceforge.net/

%% Created for Arwa Alsubhi at 2018-02-17 17:09:10 -0500 


%% Saved with string encoding Unicode (UTF-8) 



@conference{das2017non,
	Author = {Das, Aveek K and Pathak, Parth H and Jee, Josiah and Chuah, Chen-Nee and Mohapatra, Prasant},
	Date-Added = {2018-02-17 22:02:09 +0000},
	Date-Modified = {2018-02-17 22:05:06 +0000},
	Title = {Non-Intrusive Multi-Modal Estimation of Building Occupancy},
	Year = {2017},
	Bdsk-File-1 = {YnBsaXN0MDDUAQIDBAUGJCVYJHZlcnNpb25YJG9iamVjdHNZJGFyY2hpdmVyVCR0b3ASAAGGoKgHCBMUFRYaIVUkbnVsbNMJCgsMDxJXTlMua2V5c1pOUy5vYmplY3RzViRjbGFzc6INDoACgAOiEBGABIAFgAdccmVsYXRpdmVQYXRoWWFsaWFzRGF0YV8QGi4uLy4uL0Rlc2t0b3Avc2Nob2xhcjEuYmli0hcLGBlXTlMuZGF0YU8RAXoAAAAAAXoAAgAADE1hY2ludG9zaCBIRAAAAAAAAAAAAAAAAAAAANNQdZBIKwAAAAmLywxzY2hvbGFyMS5iaWIAAAAAAAAAAAAAAAAAAAAAAAAAAAAAAAAAAAAAAAAAAAAAAAAAAAAAAAAAAAAAAAAAAAABR/RG1q4QhgAAAAAAAAAAAAIAAgAACSAAAAAAAAAAAAAAAAAAAAAHRGVza3RvcAAAEAAIAADTUK3QAAAAEQAIAADWrlbWAAAAAQAMAAmLywAJi7oABjC8AAIANk1hY2ludG9zaCBIRDpVc2VyczoAYXJ3YWFsc3ViaGk6AERlc2t0b3A6AHNjaG9sYXIxLmJpYgAOABoADABzAGMAaABvAGwAYQByADEALgBiAGkAYgAPABoADABNAGEAYwBpAG4AdABvAHMAaAAgAEgARAASACZVc2Vycy9hcndhYWxzdWJoaS9EZXNrdG9wL3NjaG9sYXIxLmJpYgATAAEvAAAVAAIAEv//AACABtIbHB0eWiRjbGFzc25hbWVYJGNsYXNzZXNdTlNNdXRhYmxlRGF0YaMdHyBWTlNEYXRhWE5TT2JqZWN00hscIiNcTlNEaWN0aW9uYXJ5oiIgXxAPTlNLZXllZEFyY2hpdmVy0SYnVHJvb3SAAQAIABEAGgAjAC0AMgA3AEAARgBNAFUAYABnAGoAbABuAHEAcwB1AHcAhACOAKsAsAC4AjYCOAI9AkgCUQJfAmMCagJzAngChQKIApoCnQKiAAAAAAAAAgEAAAAAAAAAKAAAAAAAAAAAAAAAAAAAAqQ=}}

@conference{yang2017ceilingsee,
	Author = {Yang, Yanbing and Hao, Jie and Luo, Jun and Pan, Sinno Jialin},
	Booktitle = {Pervasive Computing and Communications (PerCom), 2017 IEEE International Conference on},
	Date-Added = {2018-02-17 21:57:18 +0000},
	Date-Modified = {2018-02-17 22:06:59 +0000},
	Organization = {IEEE},
	Pages = {247--256},
	Title = {CeilingSee: Device-free occupancy inference through lighting infrastructure based LED sensing},
	Year = {2017},
	Bdsk-File-1 = {YnBsaXN0MDDUAQIDBAUGJCVYJHZlcnNpb25YJG9iamVjdHNZJGFyY2hpdmVyVCR0b3ASAAGGoKgHCBMUFRYaIVUkbnVsbNMJCgsMDxJXTlMua2V5c1pOUy5vYmplY3RzViRjbGFzc6INDoACgAOiEBGABIAFgAdccmVsYXRpdmVQYXRoWWFsaWFzRGF0YV8QGS4uLy4uL0Rlc2t0b3Avc2Nob2xhci5iaWLSFwsYGVdOUy5kYXRhTxEBeAAAAAABeAACAAAMTWFjaW50b3NoIEhEAAAAAAAAAAAAAAAAAAAA01B1kEgrAAAACYvLC3NjaG9sYXIuYmliAAAAAAAAAAAAAAAAAAAAAAAAAAAAAAAAAAAAAAAAAAAAAAAAAAAAAAAAAAAAAAAAAAAAAAFH75zWrg7tAAAAAAAAAAAAAgACAAAJIAAAAAAAAAAAAAAAAAAAAAdEZXNrdG9wAAAQAAgAANNQrdAAAAARAAgAANauVT0AAAABAAwACYvLAAmLugAGMLwAAgA1TWFjaW50b3NoIEhEOlVzZXJzOgBhcndhYWxzdWJoaToARGVza3RvcDoAc2Nob2xhci5iaWIAAA4AGAALAHMAYwBoAG8AbABhAHIALgBiAGkAYgAPABoADABNAGEAYwBpAG4AdABvAHMAaAAgAEgARAASACVVc2Vycy9hcndhYWxzdWJoaS9EZXNrdG9wL3NjaG9sYXIuYmliAAATAAEvAAAVAAIAEv//AACABtIbHB0eWiRjbGFzc25hbWVYJGNsYXNzZXNdTlNNdXRhYmxlRGF0YaMdHyBWTlNEYXRhWE5TT2JqZWN00hscIiNcTlNEaWN0aW9uYXJ5oiIgXxAPTlNLZXllZEFyY2hpdmVy0SYnVHJvb3SAAQAIABEAGgAjAC0AMgA3AEAARgBNAFUAYABnAGoAbABuAHEAcwB1AHcAhACOAKoArwC3AjMCNQI6AkUCTgJcAmACZwJwAnUCggKFApcCmgKfAAAAAAAAAgEAAAAAAAAAKAAAAAAAAAAAAAAAAAAAAqE=}}

@inproceedings{martin2012doubledip,
	Author = {Martin, Paul and Charbiwala, Zainul and Srivastava, Mani},
	Booktitle = {Proceedings of the 10th ACM Conference on Embedded Network Sensor Systems},
	Organization = {ACM},
	Pages = {225--238},
	Title = {DoubleDip: Leveraging thermoelectric harvesting for low power monitoring of sporadic water use},
	Year = {2012}}

@inproceedings{bhatti2017harvos,
	Author = {Bhatti, Naveed Anwar and Mottola, Luca},
	Booktitle = {IPSN},
	Pages = {209--219},
	Title = {HarvOS: efficient code instrumentation for transiently-powered embedded sensing.},
	Year = {2017}}

@inproceedings{hester2017mayfly,
	Address = {New York, NY, USA},
	Author = {Hester, Josiah and Storer, Kevin and Sorber, Jacob},
	Booktitle = {Proceedings of the 15th ACM Conference on Embedded Networked Sensor Systems},
	Location = {Delft, Netherland},
	Publisher = {ACM},
	Series = {SenSys '17},
	Title = {Timely Execution on Intermittently Powered Batteryless Sensors},
	Year = {2017}}

@inproceedings{van2016intermittent,
	Author = {Van Der Woude, Joel and Hicks, Matthew},
	Booktitle = {OSDI},
	Pages = {17--32},
	Title = {Intermittent Computation without Hardware Support or Programmer Intervention.},
	Year = {2016}}

@inproceedings{sonicdoor-buildsys2017,
	Author = {Nacer Khalil and Driss Benhaddou and Omprakash Gnawali and Jaspal Subhlok},
	Booktitle = {Proceedings of the 4th ACM International Conference on Systems for Energy-Efficient Built Environments (BuildSys 2017)},
	Month = nov,
	Title = {{SonicDoor: Scaling Person Identification with Ultrasonic Sensors by Novel Modeling of Shape, Behavior and Walking Patterns}},
	Year = {2017}}

@inproceedings{teixeira2007lightweight,
	Author = {Teixeira, Thiago and Savvides, Andreas},
	Booktitle = {2007 First ACM/IEEE International Conference on Distributed Smart Cameras},
	Organization = {IEEE},
	Pages = {36--43},
	Title = {Lightweight people counting and localizing in indoor spaces using camera sensor nodes},
	Year = {2007}}

@article{tyndall2016occupancy,
	Author = {Tyndall, Ash and Cardell-Oliver, Rachel and Keating, Adrian},
	Journal = {IEEE Sensors Journal},
	Number = {10},
	Pages = {3784--3791},
	Publisher = {IEEE},
	Title = {Occupancy Estimation Using a Low-Pixel Count Thermal Imager},
	Volume = {16},
	Year = {2016}}

@inproceedings{buettner2009activity,
	Acmid = {1620553},
	Address = {New York, NY, USA},
	Author = {Buettner, Michael and Prasad, Richa and Philipose, Matthai and Wetherall, David},
	Booktitle = {Proceedings of the 11th International Conference on Ubiquitous Computing},
	Doi = {10.1145/1620545.1620553},
	Isbn = {978-1-60558-431-7},
	Keywords = {activity detection, rfid, sensor networks, wisp},
	Location = {Orlando, Florida, USA},
	Numpages = {10},
	Pages = {51--60},
	Publisher = {ACM},
	Series = {UbiComp '09},
	Title = {Recognizing Daily Activities with RFID-based Sensors},
	Url = {http://doi.acm.org/10.1145/1620545.1620553},
	Year = {2009},
	Bdsk-Url-1 = {http://doi.acm.org/10.1145/1620545.1620553},
	Bdsk-Url-2 = {http://dx.doi.org/10.1145/1620545.1620553}}

@inproceedings{pan2016occupant,
	Author = {Pan, Shijia and Mirshekari, Mostafa and Zhang, Pei and Noh, Hae Young},
	Booktitle = {SPIE Smart Structures and Materials+ Nondestructive Evaluation and Health Monitoring},
	Organization = {International Society for Optics and Photonics},
	Pages = {980306--980306},
	Title = {Occupant traffic estimation through structural vibration sensing},
	Year = {2016}}

@inproceedings{7036846,
	Author = {J. Hong and T. Ohtsuki},
	Booktitle = {2014 IEEE Global Communications Conference},
	Doi = {10.1109/GLOCOM.2014.7036846},
	Issn = {1930-529X},
	Keywords = {antenna arrays;array signal processing;eigenvalues and eigenfunctions;radio networks;support vector machines;DFP localization systems;RSS only-based systems;antenna array;array signal features;centralized antenna;device-free passive localization;distributed antenna;fingerprinting technique;human body;localization accuracy;location-based services;multiclass support vector machines;multipath fading;non-line-of-sight;propagation environments;receive antenna placement;received signal strength measurement;signal subspace eigenvectors;spatial averaging;spatial variance;static environment;temporal averaging;temporal variance;wireless device;Accuracy;Antenna arrays;Arrays;Programmable logic arrays;Receiving antennas;Training},
	Month = {Dec},
	Pages = {430-435},
	Title = {Device-free passive localization from signal subspace eigenvectors},
	Year = {2014},
	Bdsk-Url-1 = {http://dx.doi.org/10.1109/GLOCOM.2014.7036846}}

@inproceedings{yangoccupancy2014,
	Author = {Longqi Yang and K. Ting and M. B. Srivastava},
	Booktitle = {Pervasive Computing and Communications (PerCom), 2014 IEEE International Conference on},
	Doi = {10.1109/PerCom.2014.6813945},
	Keywords = {building management systems;buildings (structures);control engineering computing;security of data;sensors;smart meters;billing;commercial buildings;demand-response management;electric company;external service provider;motion sensor;occupancy-related inference;opportunistically available sensor data;prediction strategy;private information;residential buildings;security company;sensory information;service providers;smart electric meter;utility infrastructure;Companies;Data models;Educational institutions;Hidden Markov models;Machine learning algorithms;Monitoring;Security},
	Month = {March},
	Pages = {60-68},
	Title = {Inferring occupancy from opportunistically available sensor data},
	Year = {2014},
	Bdsk-Url-1 = {http://dx.doi.org/10.1109/PerCom.2014.6813945}}

@inproceedings{fishkin2005hands,
	Author = {Fishkin, Kenneth P and Philipose, Matthai and Rea, Adam},
	Booktitle = {Proceedings of the Ninth IEEE International Symposium on Wearable Computers},
	Organization = {IEEE Computer Society},
	Pages = {38--43},
	Title = {Hands-On RFID: Wireless Wearables for Detecting Use of Objects},
	Year = {2005}}

@inproceedings{hnat2012doorjamb,
	Author = {Hnat, Timothy W and Griffiths, Erin and Dawson, Ray and Whitehouse, Kamin},
	Booktitle = {Proceedings of the 10th ACM Conference on Embedded Network Sensor Systems},
	Organization = {ACM},
	Pages = {309--322},
	Title = {Doorjamb: unobtrusive room-level tracking of people in homes using doorway sensors},
	Year = {2012}}

@inproceedings{soltanaghaei2016walksense,
	Acmid = {2993576},
	Address = {New York, NY, USA},
	Author = {Soltanaghaei, Elahe and Whitehouse, Kamin},
	Booktitle = {Proceedings of the 3rd ACM International Conference on Systems for Energy-Efficient Built Environments},
	Doi = {10.1145/2993422.2993576},
	Isbn = {978-1-4503-4264-3},
	Keywords = {motion sensor, occupancy detection, walkway sensing},
	Location = {Palo Alto, CA, USA},
	Numpages = {10},
	Pages = {167--176},
	Publisher = {ACM},
	Series = {BuildSys '16},
	Title = {WalkSense: Classifying Home Occupancy States Using Walkway Sensing},
	Url = {http://doi.acm.org/10.1145/2993422.2993576},
	Year = {2016},
	Bdsk-Url-1 = {http://doi.acm.org/10.1145/2993422.2993576},
	Bdsk-Url-2 = {http://dx.doi.org/10.1145/2993422.2993576}}

@incollection{polastre2004analysis,
	Author = {Polastre, Joseph and Szewczyk, Robert and Mainwaring, Alan and Culler, David and Anderson, John},
	Booktitle = {Wireless sensor networks},
	Pages = {399--423},
	Publisher = {Springer},
	Title = {Analysis of wireless sensor networks for habitat monitoring},
	Year = {2004}}

@inproceedings{zhang2004hardware,
	Author = {Zhang, Pei and Sadler, Christopher M and Lyon, Stephen A and Martonosi, Margaret},
	Booktitle = {Proceedings of the 2nd international conference on Embedded networked sensor systems},
	Organization = {ACM},
	Pages = {227--238},
	Title = {Hardware design experiences in ZebraNet},
	Year = {2004}}

@inproceedings{stoianov2007pipenet,
	Author = {Stoianov, Ivan and Nachman, Lama and Madden, Sam and Tokmouline, Timur},
	Booktitle = {2007 6th International Symposium on Information Processing in Sensor Networks},
	Organization = {IEEE},
	Pages = {264--273},
	Title = {PIPENET: A wireless sensor network for pipeline monitoring},
	Year = {2007}}

@inproceedings{colin2016chain,
	Author = {A. Colin and B. Lucia},
	Organization = {OOPSLA},
	Title = {{C}hain: {T}asks and {C}hannels for {R}eliable {I}ntermittent {P}rograms},
	Year = {2016}}

@misc{msp430fram,
	Author = {Texas Instruments},
	Howpublished = {\url{http://www.ti.com/lsds/ti/microcontrollers_16-bit_32-bit/msp/ultra-low_power/msp430frxx_fram/overview.page}},
	Note = {Accessed: 2015-10-13},
	Title = {{MSP430FRxx FRAM Microcontrollers}}}

@inproceedings{rahmati2012tardis,
	Author = {Rahmati, Amir and Salajegheh, Mastooreh and Holcomb, Dan and Sorber, Jacob and Burleson, Wayne P and Fu, Kevin},
	Booktitle = {Proceedings of the 21st USENIX conference on Security symposium},
	Organization = {USENIX Association},
	Pages = {36--36},
	Title = {TARDIS: Time and remanence decay in SRAM to implement secure protocols on embedded devices without clocks},
	Year = {2012}}

@article{hester2016persistent,
	Author = {Hester, Josiah and Tobias, Nicole and Rahmati, Amir and Sitanayah, Lanny and Holcomb, Daniel and Fu, Kevin and Burleson, Wayne P and Sorber, Jacob},
	Journal = {ACM Transactions on Embedded Computing Systems (TECS)},
	Number = {4},
	Publisher = {ACM},
	Title = {Persistent Clocks for Batteryless Sensing Devices},
	Volume = {15},
	Year = {2016}}

@article{ChenG.ISSCC2011,
	Author = {Gregory Chen and Hassan Ghaed and Razi M. Haque and Michael Wieckowski and Yejoong Kim and Gyouho Kim and David Fick and Daeyeon Kim and Mingoo Seok and Kensall Wise and David Blaauw and Dennis Sylvester},
	Ignore_Month = {February},
	Ignore_Pages = {310--311},
	Journal = {IEEE International Solid-State Circuits Conference},
	Title = {A Cubic-Millimeter Energy-Autonomous Wireless Intraocular Pressure Monitor},
	Year = {2011}}

@article{balsamo2015hibernus,
	Author = {Balsamo, Domenico and Weddell, Alex S and Merrett, Geoff V and Al-Hashimi, Bashir M and Brunelli, Davide and Benini, Luca},
	Journal = {IEEE Embedded Systems Letters},
	Number = {1},
	Pages = {15--18},
	Publisher = {IEEE},
	Title = {Hibernus: Sustaining computation during intermittent supply for energy-harvesting systems},
	Volume = {7},
	Year = {2015}}

@inproceedings{Lucia:2015:Dino,
	Acmid = {2737978},
	Address = {New York, NY, USA},
	Author = {Lucia, Brandon and Ransford, Benjamin},
	Booktitle = {Proceedings of the 36th ACM SIGPLAN Conference on Programming Language Design and Implementation},
	Doi = {10.1145/2737924.2737978},
	Isbn = {978-1-4503-3468-6},
	Keywords = {Intermittent Computing},
	Location = {Portland, OR, USA},
	Numpages = {11},
	Pages = {575--585},
	Publisher = {ACM},
	Series = {PLDI '15},
	Title = {A Simpler, Safer Programming and Execution Model for Intermittent Systems},
	Url = {http://doi.acm.org/10.1145/2737924.2737978},
	Year = {2015},
	Bdsk-Url-1 = {http://doi.acm.org/10.1145/2737924.2737978},
	Bdsk-Url-2 = {http://dx.doi.org/10.1145/2737924.2737978}}

@article{bandyopadhyay2012platform,
	Author = {Bandyopadhyay, Saurav and Chandrakasan, Anantha P},
	Journal = {IEEE Journal of Solid-State Circuits},
	Number = {9},
	Pages = {2199--2215},
	Publisher = {IEEE},
	Title = {Platform architecture for solar, thermal, and vibration energy combining with MPPT and single inductor},
	Volume = {47},
	Year = {2012}}

@article{zhang2013batteryless,
	Author = {Zhang, Yanqing and Zhang, Fan and Shakhsheer, Yousef and Silver, Jason D and Klinefelter, Alicia and Nagaraju, Manohar and Boley, James and Pandey, Jagdish and Shrivastava, Aatmesh and Carlson, Eric J and others},
	Journal = {IEEE Journal of Solid-State Circuits},
	Number = {1},
	Pages = {199--213},
	Publisher = {IEEE},
	Title = {A batteryless 19 W MICS/ISM-band energy harvesting body sensor node SoC for ExG applications},
	Volume = {48},
	Year = {2013}}

@article{bellis2005development,
	Author = {Bellis, Stephen J and Delaney, Kieran and O'Flynn, Brendan and Barton, John and Razeeb, Kafil M and O'Mathuna, Cian},
	Journal = {Computer Communications},
	Number = {13},
	Pages = {1531--1544},
	Publisher = {Elsevier},
	Title = {Development of field programmable modular wireless sensor network nodes for ambient systems},
	Volume = {28},
	Year = {2005}}

@misc{boschiot,
	Author = {Bosch},
	Howpublished = {http://xdk.bosch-connectivity.com/},
	Month = {October},
	Publisher = {Bosch},
	Title = {XDK Cross Domain Development Kit},
	Year = {2016}}

@misc{enocean,
	Author = {EnOcean},
	Howpublished = {https://www.enocean.com/en/},
	Month = {October},
	Publisher = {IBM},
	Title = {EnOcean: Self Powered IoT},
	Year = {2016}}

@misc{arduino,
	Author = {Arduino},
	Howpublished = {https://www.arduino.cc/},
	Month = {October},
	Publisher = {Arduino},
	Title = {Arduino: Open-source electronic prototyping platform},
	Year = {2016}}

@article{eidson2010south,
	Author = {Eidson, Gene W and Esswein, Samuel T and Gemmill, Jill B and Hallstrom, Jason O and Howard, Tim R and Lawrence, Josh K and Post, Christopher J and Sawyer, Calvin B and Wang, K-C and White, David L},
	Journal = {International Journal of Distributed Sensor Networks},
	Publisher = {Hindawi Publishing Corporation},
	Title = {The south carolina digital watershed: End-to-end support for real-time management of water resources},
	Volume = {2010},
	Year = {2010}}

@inproceedings{mirhoseini2013idetic,
	Author = {Mirhoseini, Azalia and Songhori, Ebrahim M and Koushanfar, Farinaz},
	Booktitle = {Pervasive Computing and Communications (PerCom), 2013 IEEE International Conference on},
	Organization = {IEEE},
	Pages = {216--224},
	Title = {Idetic: A high-level synthesis approach for enabling long computations on transiently-powered ASICs},
	Year = {2013}}

@inproceedings{quarkos,
	Acmid = {2490490},
	Address = {Berkeley, CA, USA},
	Author = {Zhang, Pengyu and Ganesan, Deepak and Lu, Boyan},
	Booktitle = {Proceedings of the 14th USENIX Conference on Hot Topics in Operating Systems},
	Location = {Santa Ana Pueblo, New Mexcio},
	Numpages = {1},
	Pages = {7--7},
	Publisher = {USENIX Association},
	Series = {HotOS'13},
	Title = {QuarkOS: Pushing the Operating Limits of Micro-powered Sensors},
	Url = {http://dl.acm.org/citation.cfm?id=2490483.2490490},
	Year = {2013},
	Bdsk-Url-1 = {http://dl.acm.org/citation.cfm?id=2490483.2490490}}

@article{sudevalayam2011energy,
	Author = {Sudevalayam, Sujesha and Kulkarni, Purushottam},
	Journal = {Communications Surveys \& Tutorials, IEEE},
	Number = {3},
	Pages = {443--461},
	Publisher = {IEEE},
	Title = {Energy harvesting sensor nodes: Survey and implications},
	Volume = {13},
	Year = {2011}}

@inproceedings{gummeson2010limits,
	Author = {Gummeson, Jeremy and Clark, Shane S and Fu, Kevin and Ganesan, Deepak},
	Booktitle = {Proceedings of the 8th international conference on Mobile systems, applications, and services},
	Organization = {ACM},
	Pages = {195--208},
	Title = {On the limits of effective hybrid micro-energy harvesting on mobile CRFID sensors},
	Year = {2010}}

@inproceedings{pannuto2015mbus,
	Acmid = {2750376},
	Address = {New York, NY, USA},
	Author = {Pannuto, Pat and Lee, Yoonmyung and Kuo, Ye-Sheng and Foo, ZhiYoong and Kempke, Benjamin and Kim, Gyouho and Dreslinski, Ronald G. and Blaauw, David and Dutta, Prabal},
	Booktitle = {Proceedings of the 42Nd Annual International Symposium on Computer Architecture},
	Doi = {10.1145/2749469.2750376},
	Isbn = {978-1-4503-3402-0},
	Location = {Portland, Oregon},
	Numpages = {13},
	Pages = {629--641},
	Publisher = {ACM},
	Series = {ISCA '15},
	Title = {MBus: An Ultra-low Power Interconnect Bus for Next Generation Nanopower Systems},
	Url = {http://doi.acm.org/10.1145/2749469.2750376},
	Year = {2015},
	Bdsk-Url-1 = {http://doi.acm.org/10.1145/2749469.2750376},
	Bdsk-Url-2 = {http://dx.doi.org/10.1145/2749469.2750376}}

@inproceedings{gorlatova2014movers,
	Author = {Gorlatova, Maria and Sarik, John and Grebla, Guy and Cong, Mina and Kymissis, Ioannis and Zussman, Gil},
	Booktitle = {ACM SIGMETRICS Performance Evaluation Review},
	Number = {1},
	Organization = {ACM},
	Pages = {407--419},
	Title = {Movers and shakers: Kinetic energy harvesting for the internet of things},
	Volume = {42},
	Year = {2014}}

@inproceedings{yerva2012grafting,
	Author = {Yerva, Lohit and Campbell, Brad and Bansal, Apoorva and Schmid, Thomas and Dutta, Prabal},
	Booktitle = {Proceedings of the 11th international conference on Information Processing in Sensor Networks},
	Organization = {ACM},
	Pages = {197--208},
	Title = {Grafting energy-harvesting leaves onto the sensornet tree},
	Year = {2012}}

@inproceedings{rumberg2015ramp,
	Author = {Rumberg, Brandon and Graham, David W and Clites, Spencer and Kelly, Brandon M and Navidi, Mir Mohammad and Dilello, Alex and Kulathumani, Vinod},
	Booktitle = {Proceedings of the 14th International Conference on Information Processing in Sensor Networks},
	Organization = {ACM},
	Pages = {47--58},
	Title = {RAMP: accelerating wireless sensor hardware design with a reconfigurable analog/mixed-signal platform},
	Year = {2015}}

@inproceedings{xiang2013powering,
	Author = {Xiang, Tianyu and Chi, Zicheng and Li, Feng and Luo, Jun and Tang, Lihua and Zhao, Liya and Yang, Yaowen},
	Booktitle = {Proceedings of the 11th ACM Conference on Embedded Networked Sensor Systems},
	Organization = {ACM},
	Pages = {16},
	Title = {Powering indoor sensing with airflows: a trinity of energy harvesting, synchronous duty-cycling, and sensing},
	Year = {2013}}

@inproceedings{kouche2014sprout,
	Author = {A. E. Kouche and H. S. Hassanein and K. Obaia},
	Booktitle = {Intelligent Sensors, Sensor Networks and Information Processing (ISSNIP), 2014 IEEE Ninth International Conference on},
	Doi = {10.1109/ISSNIP.2014.6827642},
	Keywords = {protocols;wireless sensor networks;PnP customization;PnP protocol;PnP sensor module ports;Sprouts;WSN platform;plug-and-play customization;sensor modules;wireless sensor network;Payloads;Ports (Computers);Protocols;Standards;Ultrasonic imaging;Wireless sensor networks;Wires},
	Month = {April},
	Pages = {1-6},
	Title = {WSN platform Plug-and-Play (PnP) customization},
	Year = {2014},
	Bdsk-Url-1 = {http://dx.doi.org/10.1109/ISSNIP.2014.6827642}}

@inproceedings{stecklina2012tandemstack,
	Author = {Stecklina, Oliver and Genschow, Dieter and Goltz, Christian},
	Booktitle = {SENSORNETS},
	Pages = {65--72},
	Title = {TandemStack-A Flexible and Customizable Sensor Node Platform for Low Power Applications.},
	Year = {2012}}

@inproceedings{campbell2014thermo,
	Acmid = {2675692},
	Address = {New York, NY, USA},
	Author = {Campbell, Bradford and Ghena, Branden and Dutta, Prabal},
	Booktitle = {Proceedings of the 2Nd International Workshop on Energy Neutral Sensing Systems},
	Doi = {10.1145/2675683.2675692},
	Isbn = {978-1-4503-3189-0},
	Keywords = {energy metering, energy-harvesting, water-sensing, wireless sensing},
	Location = {Memphis, Tennessee},
	Numpages = {6},
	Pages = {7--12},
	Publisher = {ACM},
	Series = {ENSsys '14},
	Title = {Energy-harvesting Thermoelectric Sensing for Unobtrusive Water and Appliance Metering},
	Url = {http://doi.acm.org/10.1145/2675683.2675692},
	Year = {2014},
	Bdsk-Url-1 = {http://doi.acm.org/10.1145/2675683.2675692},
	Bdsk-Url-2 = {http://dx.doi.org/10.1145/2675683.2675692}}

@inproceedings{debruin2015powerblade,
	Author = {DeBruin, Samuel and Ghena, Branden and Kuo, Ye-Sheng and Dutta, Prabal},
	Booktitle = {Proceedings of the 13th ACM Conference on Embedded Networked Sensor Systems},
	Organization = {ACM},
	Pages = {17--29},
	Title = {Powerblade: A low-profile, true-power, plug-through energy meter},
	Year = {2015}}

@inproceedings{campbell2014energy,
	Author = {Campbell, Bradford and Dutta, Prabal},
	Booktitle = {Proceedings of the 1st ACM Conference on Embedded Systems for Energy-Efficient Buildings},
	Organization = {ACM},
	Pages = {100--109},
	Title = {An energy-harvesting sensor architecture and toolkit for building monitoring and event detection},
	Year = {2014}}

@inproceedings{debruin2013monjolo,
	Acmid = {2517363},
	Address = {New York, NY, USA},
	Articleno = {18},
	Author = {DeBruin, Samuel and Campbell, Bradford and Dutta, Prabal},
	Booktitle = {Proceedings of the 11th ACM Conference on Embedded Networked Sensor Systems},
	Doi = {10.1145/2517351.2517363},
	Isbn = {978-1-4503-2027-6},
	Keywords = {data aggregation, energy harvesting, intermittent power, power metering, wireless sensor networks},
	Location = {Roma, Italy},
	Numpages = {14},
	Pages = {18:1--18:14},
	Publisher = {ACM},
	Series = {SenSys '13},
	Title = {Monjolo: An Energy-harvesting Energy Meter Architecture},
	Url = {http://doi.acm.org/10.1145/2517351.2517363},
	Year = {2013},
	Bdsk-Url-1 = {http://doi.acm.org/10.1145/2517351.2517363},
	Bdsk-Url-2 = {http://dx.doi.org/10.1145/2517351.2517363}}

@inproceedings{dutta2008building,
	Author = {Dutta, Prabal and Taneja, Jay and Jeong, Jaein and Jiang, Xiaofan and Culler, David},
	Booktitle = {Proceedings of the 6th ACM conference on Embedded network sensor systems},
	Organization = {ACM},
	Pages = {267--280},
	Title = {A building block approach to sensornet systems},
	Year = {2008}}

@inproceedings{jhester:ufop:sensys,
	Acmid = {2809707},
	Address = {New York, NY, USA},
	Author = {Hester, Josiah and Sitanayah, Lanny and Sorber, Jacob},
	Booktitle = {Proceedings of the 13th ACM Conference on Embedded Networked Sensor Systems},
	Doi = {10.1145/2809695.2809707},
	Isbn = {978-1-4503-3631-4},
	Keywords = {capacitor, embedded system, energy harvesting, federated energy, task coupling},
	Location = {Seoul, South Korea},
	Numpages = {12},
	Pages = {5--16},
	Publisher = {ACM},
	Series = {SenSys '15},
	Title = {Tragedy of the Coulombs: Federating Energy Storage for Tiny, Intermittently-Powered Sensors},
	Url = {http://doi.acm.org/10.1145/2809695.2809707},
	Year = {2015},
	Bdsk-Url-1 = {http://doi.acm.org/10.1145/2809695.2809707},
	Bdsk-Url-2 = {http://dx.doi.org/10.1145/2809695.2809707}}

@article{margolies:enhants,
	Acmid = {2831236},
	Address = {New York, NY, USA},
	Articleno = {62},
	Author = {Margolies, Robert and Gorlatova, Maria and Sarik, John and Stanje, Gerald and Zhu, Jianxun and Miller, Paul and Szczodrak, Marcin and Vigraham, Baradwaj and Carloni, Luca and Kinget, Peter and Kymissis, Ioannis and Zussman, Gil},
	Doi = {10.1145/2831236},
	Issn = {1550-4859},
	Issue_Date = {December 2015},
	Journal = {ACM Transactions on Sensor Networks},
	Keywords = {Energy adaptive networking, cross-layer, energy harvesting, organic solar cells, ultra-low-power communications, ultra-wideband (UWB)},
	Month = nov,
	Number = {4},
	Numpages = {27},
	Pages = {62:1--62:27},
	Publisher = {ACM},
	Title = {Energy-Harvesting Active Networked Tags (EnHANTs): Prototyping and Experimentation},
	Url = {http://doi.acm.org/10.1145/2831236},
	Volume = {11},
	Year = {2015},
	Bdsk-Url-1 = {http://doi.acm.org/10.1145/2831236},
	Bdsk-Url-2 = {http://dx.doi.org/10.1145/2831236}}

@article{yeager2009neuralwisp,
	Author = {Yeager, Daniel J and Holleman, Jeremy and Prasad, Richa and Smith, Joshua R and Otis, Brian P},
	Journal = {IEEE Transactions on Biomedical Circuits and Systems},
	Number = {6},
	Pages = {379--387},
	Publisher = {IEEE},
	Title = {Neuralwisp: A wirelessly powered neural interface with 1-m range},
	Volume = {3},
	Year = {2009}}

@article{sample2008design,
	Author = {Sample, Alanson P and Yeager, Daniel J and Powledge, Pauline S and Mamishev, Alexander V and Smith, Joshua R},
	Journal = {IEEE Transactions on Instrumentation and Measurement},
	Number = {11},
	Pages = {2608--2615},
	Publisher = {IEEE},
	Title = {Design of an RFID-based battery-free programmable sensing platform},
	Volume = {57},
	Year = {2008}}

@article{sudevalayam2011energy,
	Author = {Sudevalayam, Sujesha and Kulkarni, Purushottam},
	Journal = {Communications Surveys \& Tutorials, IEEE},
	Number = {3},
	Pages = {443--461},
	Publisher = {IEEE},
	Title = {Energy harvesting sensor nodes: Survey and implications},
	Volume = {13},
	Year = {2011}}

@inproceedings{dutta2008epic,
	Author = {Dutta, Prabal and Culler, David},
	Booktitle = {Proceedings of the 7th international conference on Information processing in sensor networks},
	Organization = {IEEE Computer Society},
	Pages = {547--548},
	Title = {Epic: An open mote platform for application-driven design},
	Year = {2008}}

@inproceedings{smartdustkahn,
	Acmid = {313558},
	Address = {New York, NY, USA},
	Author = {Kahn, J. M. and Katz, R. H. and Pister, K. S. J.},
	Booktitle = {Proceedings of the 5th Annual ACM/IEEE International Conference on Mobile Computing and Networking},
	Doi = {10.1145/313451.313558},
	Isbn = {1-58113-142-9},
	Location = {Seattle, Washington, USA},
	Numpages = {8},
	Pages = {271--278},
	Publisher = {ACM},
	Series = {MobiCom '99},
	Title = {Next Century Challenges: Mobile Networking for \&Ldquo;Smart Dust\&Rdquo;},
	Url = {http://doi.acm.org/10.1145/313451.313558},
	Year = {1999},
	Bdsk-Url-1 = {http://doi.acm.org/10.1145/313451.313558},
	Bdsk-Url-2 = {http://dx.doi.org/10.1145/313451.313558}}

@article{margolies2015energy,
	Author = {Margolies, Robert and Gorlatova, Maria and Sarik, John and Stanje, Gerald and Zhu, Jianxun and Miller, Paul and Szczodrak, Marcin and Vigraham, Baradwaj and Carloni, Luca and Kinget, Peter and others},
	Journal = {ACM Transactions on Sensor Networks (TOSN)},
	Number = {4},
	Pages = {62},
	Publisher = {ACM},
	Title = {Energy-Harvesting Active Networked Tags (EnHANTs): Prototyping and Experimentation},
	Volume = {11},
	Year = {2015}}

@inproceedings{colin_edb,
	Acmid = {2830695},
	Address = {Piscataway, NJ, USA},
	Author = {Colin, Alexei and Sample, Alanson P. and Lucia, Brandon},
	Booktitle = {Proceedings of the 2015 International Conference on Compilers, Architecture and Synthesis for Embedded Systems},
	Isbn = {978-1-4673-8320-2},
	Location = {Amsterdam, The Netherlands},
	Numpages = {2},
	Pages = {35--36},
	Publisher = {IEEE Press},
	Series = {CASES '15},
	Title = {Energy-interference-free System and Toolchain Support for Energy-harvesting Devices},
	Url = {http://dl.acm.org/citation.cfm?id=2830689.2830695},
	Year = {2015},
	Bdsk-Url-1 = {http://dl.acm.org/citation.cfm?id=2830689.2830695}}

@inproceedings{ekho-sensys,
	Address = {Memphis, TN, USA},
	Author = {J. Hester and T. Scott and J. Sorber},
	Booktitle = {Proc. 12th ACM Conf. Embedded Network Sensor Systems (SenSys'14)},
	Month = {Nov.},
	Pages = {1--15},
	Publisher = {ACM},
	Title = {{E}kho: {R}ealistic and {R}epeatable {E}xperimentation for {T}iny {E}nergy-{H}arvesting {S}ensors},
	Year = {2014}}

@inproceedings{buettner2011dewdrop,
	Address = {Boston, MA, USA},
	Author = {M. Buettner and B. Greenstein and D. Wetherall},
	Booktitle = {Proc. 8th USENIX Conf. Networked Systems Design and Implementation (NSDI'11)},
	Month = {Mar.},
	Optnote = {Adapts a tag's duty cycle to match the harvested power to the sensing and computation cost of tasks.},
	Pages = {197--210},
	Publisher = {ACM},
	Title = {{D}ewdrop: {A}n {E}nergy-{A}ware {R}untime for {C}omputational {R}{F}{I}{D}},
	Year = {2011}}

@inproceedings{ransford2011mementos,
	Address = {Newport Beach, CA, USA},
	Author = {B. Ransford and J. Sorber and K. Fu},
	Booktitle = {Proc. 16th Int'l Conf. Architectural Support for Programming Languages and Operating Systems (ASPLOS'11)},
	Month = {Mar.},
	Optnote = {Provides a mechanism for efficiently saving computational state to nonvolatile memory when power failures are imminent.},
	Pages = {159--170},
	Publisher = {ACM},
	Title = {{M}ementos: {S}ystem {S}upport for {L}ong-{R}unning {C}omputation on {R}{F}{I}{D}-{S}cale {D}evices},
	Year = {2011}}

@article{zhang2011moo,
	Author = {Zhang, Hong and Gummeson, Jeremy and Ransford, Benjamin and Fu, Kevin},
	Journal = {Department of Computer Science, University of Massachusetts Amherst., Tech. Rep},
	Title = {Moo: A batteryless computational RFID and sensing platform},
	Year = {2011}}

@inproceedings{shih2016aures,
	Author = {Shih, Oliver and Lazik, Patrick and Rowe, Anthony},
	Booktitle = {Proceedings of the 3rd ACM International Conference on Systems for Energy-Efficient Built Environments},
	Organization = {ACM},
	Pages = {157--166},
	Title = {AURES: A Wide-Band Ultrasonic Occupancy Sensing Platform},
	Year = {2016}}
