@inproceedings{Palipana:2016:CSI:2993422.2993579,
 author = {Palipana, Sameera and Agrawal, Piyush and Pesch, Dirk},
 title = {Channel State Information Based Human Presence Detection Using Non-linear Techniques},
 booktitle = {Proceedings of the 3rd ACM International Conference on Systems for Energy-Efficient Built Environments},
 series = {BuildSys '16},
 year = {2016},
 isbn = {978-1-4503-4264-3},
 location = {Palo Alto, CA, USA},
 pages = {177--186},
 numpages = {10},
 url = {http://doi.acm.org/10.1145/2993422.2993579},
 doi = {10.1145/2993422.2993579},
 acmid = {2993579},
 publisher = {ACM},
 address = {New York, NY, USA},
 keywords = {CSI, device-free, human presence},
} 

@inproceedings{Shih:2016:AWU:2993422.2993580,
 author = {Shih, Oliver and Lazik, Patrick and Rowe, Anthony},
 title = {AURES: A Wide-Band Ultrasonic Occupancy Sensing Platform},
 booktitle = {Proceedings of the 3rd ACM International Conference on Systems for Energy-Efficient Built Environments},
 series = {BuildSys '16},
 year = {2016},
 isbn = {978-1-4503-4264-3},
 location = {Palo Alto, CA, USA},
 pages = {157--166},
 numpages = {10},
 url = {http://doi.acm.org/10.1145/2993422.2993580},
 doi = {10.1145/2993422.2993580},
 acmid = {2993580},
 publisher = {ACM},
 address = {New York, NY, USA},
 keywords = {Occupancy detection, machine learning, ultrasonic sensing},
}

@inproceedings{Sangoboye:2016:PPF:2993422.2993575,
 author = {Sangoboye, Fisayo Caleb and Kj{\ae}rgaard, Mikkel Baun},
 title = {PLCount: A Probabilistic Fusion Algorithm for Accurately Estimating Occupancy from 3D Camera Counts},
 booktitle = {Proceedings of the 3rd ACM International Conference on Systems for Energy-Efficient Built Environments},
 series = {BuildSys '16},
 year = {2016},
 isbn = {978-1-4503-4264-3},
 location = {Palo Alto, CA, USA},
 pages = {147--156},
 numpages = {10},
 url = {http://doi.acm.org/10.1145/2993422.2993575},
 doi = {10.1145/2993422.2993575},
 acmid = {2993575},
 publisher = {ACM},
 address = {New York, NY, USA},
 keywords = {Building occupancy, camera counters, count estimation, occupancy correction, occupancy sensing, probability distribution},
} 

@inproceedings{soltanaghaei2016walksense,
 author = {Soltanaghaei, Elahe and Whitehouse, Kamin},
 title = {WalkSense: Classifying Home Occupancy States Using Walkway Sensing},
 booktitle = {Proceedings of the 3rd ACM International Conference on Systems for Energy-Efficient Built Environments},
 series = {BuildSys '16},
 year = {2016},
 isbn = {978-1-4503-4264-3},
 location = {Palo Alto, CA, USA},
 pages = {167--176},
 numpages = {10},
 url = {http://doi.acm.org/10.1145/2993422.2993576},
 doi = {10.1145/2993422.2993576},
 acmid = {2993576},
 publisher = {ACM},
 address = {New York, NY, USA},
 keywords = {motion sensor, occupancy detection, walkway sensing},
} 


@incollection{polastre2004analysis,
  title={Analysis of wireless sensor networks for habitat monitoring},
  author={Polastre, Joseph and Szewczyk, Robert and Mainwaring, Alan and Culler, David and Anderson, John},
  booktitle={Wireless sensor networks},
  pages={399--423},
  year={2004},
  publisher={Springer}
}

@inproceedings{zhang2004hardware,
  title={Hardware design experiences in ZebraNet},
  author={Zhang, Pei and Sadler, Christopher M and Lyon, Stephen A and Martonosi, Margaret},
  booktitle={Proceedings of the 2nd international conference on Embedded networked sensor systems},
  pages={227--238},
  year={2004},
  organization={ACM}
}

@inproceedings{stoianov2007pipenet,
  title={PIPENET: A wireless sensor network for pipeline monitoring},
  author={Stoianov, Ivan and Nachman, Lama and Madden, Sam and Tokmouline, Timur},
  booktitle={2007 6th International Symposium on Information Processing in Sensor Networks},
  pages={264--273},
  year={2007},
  organization={IEEE}
}

@INPROCEEDINGS{colin2016chain,
  AUTHOR      = {A. Colin and B. Lucia},
  TITLE       = {{C}hain: {T}asks and {C}hannels for {R}eliable {I}ntermittent {P}rograms},
  YEAR        = {2016},
  ORGANIZATION= {OOPSLA}
}

@misc{msp430fram,
  author={Texas Instruments},
    title = {{MSP430FRxx FRAM Microcontrollers}},
    howpublished = {\url{http://www.ti.com/lsds/ti/microcontrollers_16-bit_32-bit/msp/ultra-low_power/msp430frxx_fram/overview.page}},
    note = {Accessed: 2015-10-13}
}


@inproceedings{rahmati2012tardis,
  title={TARDIS: Time and remanence decay in SRAM to implement secure protocols on embedded devices without clocks},
  author={Rahmati, Amir and Salajegheh, Mastooreh and Holcomb, Dan and Sorber, Jacob and Burleson, Wayne P and Fu, Kevin},
  booktitle={Proceedings of the 21st USENIX conference on Security symposium},
  pages={36--36},
  year={2012},
  organization={USENIX Association}
}

@article{hester2016persistent,
  title={Persistent Clocks for Batteryless Sensing Devices},
  author={Hester, Josiah and Tobias, Nicole and Rahmati, Amir and Sitanayah, Lanny and Holcomb, Daniel and Fu, Kevin and Burleson, Wayne P and Sorber, Jacob},
  journal={ACM Transactions on Embedded Computing Systems (TECS)},
  volume={15},
  number={4},
  year={2016},
  publisher={ACM}
}

@article{ChenG.ISSCC2011,
   Author  = {Gregory Chen and Hassan Ghaed and Razi M. Haque and Michael Wieckowski and Yejoong Kim and Gyouho Kim and David Fick and Daeyeon Kim and Mingoo Seok and Kensall Wise and David Blaauw and Dennis Sylvester},
   Title   = {A Cubic-Millimeter Energy-Autonomous Wireless Intraocular Pressure Monitor},
   Journal = {IEEE International Solid-State Circuits Conference},
   Volume  = {},
   Number  = {},
   ignore_pages   = {310--311},
   ignore_Month   = {February},
   Year    = {2011}
}

@article{balsamo2015hibernus,
  title={Hibernus: Sustaining computation during intermittent supply for energy-harvesting systems},
  author={Balsamo, Domenico and Weddell, Alex S and Merrett, Geoff V and Al-Hashimi, Bashir M and Brunelli, Davide and Benini, Luca},
  journal={IEEE Embedded Systems Letters},
  volume={7},
  number={1},
  pages={15--18},
  year={2015},
  publisher={IEEE}
}

@inproceedings{Lucia:2015:Dino,
 author = {Lucia, Brandon and Ransford, Benjamin},
 title = {A Simpler, Safer Programming and Execution Model for Intermittent Systems},
 booktitle = {Proceedings of the 36th ACM SIGPLAN Conference on Programming Language Design and Implementation},
 series = {PLDI '15},
 year = {2015},
 isbn = {978-1-4503-3468-6},
 location = {Portland, OR, USA},
 pages = {575--585},
 numpages = {11},
 url = {http://doi.acm.org/10.1145/2737924.2737978},
 doi = {10.1145/2737924.2737978},
 acmid = {2737978},
 publisher = {ACM},
 address = {New York, NY, USA},
 keywords = {Intermittent Computing},
}

@article{bandyopadhyay2012platform,
  title={Platform architecture for solar, thermal, and vibration energy combining with MPPT and single inductor},
  author={Bandyopadhyay, Saurav and Chandrakasan, Anantha P},
  journal={IEEE Journal of Solid-State Circuits},
  volume={47},
  number={9},
  pages={2199--2215},
  year={2012},
  publisher={IEEE}
}

@article{zhang2013batteryless,
  title={A batteryless 19 W MICS/ISM-band energy harvesting body sensor node SoC for ExG applications},
  author={Zhang, Yanqing and Zhang, Fan and Shakhsheer, Yousef and Silver, Jason D and Klinefelter, Alicia and Nagaraju, Manohar and Boley, James and Pandey, Jagdish and Shrivastava, Aatmesh and Carlson, Eric J and others},
  journal={IEEE Journal of Solid-State Circuits},
  volume={48},
  number={1},
  pages={199--213},
  year={2013},
  publisher={IEEE}
}

@article{bellis2005development,
  title={Development of field programmable modular wireless sensor network nodes for ambient systems},
  author={Bellis, Stephen J and Delaney, Kieran and O'Flynn, Brendan and Barton, John and Razeeb, Kafil M and O'Mathuna, Cian},
  journal={Computer Communications},
  volume={28},
  number={13},
  pages={1531--1544},
  year={2005},
  publisher={Elsevier}
}

@misc{boschiot,
    author = {Bosch},
    month = {October},
    publisher = {Bosch},
    title = {XDK Cross Domain Development Kit},
    howpublished = {http://xdk.bosch-connectivity.com/   },
    year = {2016}
}

@misc{enocean,
    author = {EnOcean},
    month = {October},
    publisher = {IBM},
    title = {EnOcean: Self Powered IoT},
    howpublished = {https://www.enocean.com/en/   },
    year = {2016}
}

@misc{arduino,
    author = {Arduino},
    month = {October},
    publisher = {Arduino},
    title = {Arduino: Open-source electronic prototyping platform},
    howpublished = {https://www.arduino.cc/},
    year = {2016}
}

@article{eidson2010south,
  title={The south carolina digital watershed: End-to-end support for real-time management of water resources},
  author={Eidson, Gene W and Esswein, Samuel T and Gemmill, Jill B and Hallstrom, Jason O and Howard, Tim R and Lawrence, Josh K and Post, Christopher J and Sawyer, Calvin B and Wang, K-C and White, David L},
  journal={International Journal of Distributed Sensor Networks},
  volume={2010},
  year={2010},
  publisher={Hindawi Publishing Corporation}
}

@inproceedings{mirhoseini2013idetic,
  title={Idetic: A high-level synthesis approach for enabling long computations on transiently-powered ASICs},
  author={Mirhoseini, Azalia and Songhori, Ebrahim M and Koushanfar, Farinaz},
  booktitle={Pervasive Computing and Communications (PerCom), 2013 IEEE International Conference on},
  pages={216--224},
  year={2013},
  organization={IEEE}
}

@inproceedings{quarkos,
 author = {Zhang, Pengyu and Ganesan, Deepak and Lu, Boyan},
 title = {QuarkOS: Pushing the Operating Limits of Micro-powered Sensors},
 booktitle = {Proceedings of the 14th USENIX Conference on Hot Topics in Operating Systems},
 series = {HotOS'13},
 year = {2013},
 location = {Santa Ana Pueblo, New Mexcio},
 pages = {7--7},
 numpages = {1},
 url = {http://dl.acm.org/citation.cfm?id=2490483.2490490},
 acmid = {2490490},
 publisher = {USENIX Association},
 address = {Berkeley, CA, USA},
}


@article{sudevalayam2011energy,
  title={Energy harvesting sensor nodes: Survey and implications},
  author={Sudevalayam, Sujesha and Kulkarni, Purushottam},
  journal={Communications Surveys \& Tutorials, IEEE},
  volume={13},
  number={3},
  pages={443--461},
  year={2011},
  publisher={IEEE}
}

@inproceedings{gummeson2010limits,
  title={On the limits of effective hybrid micro-energy harvesting on mobile CRFID sensors},
  author={Gummeson, Jeremy and Clark, Shane S and Fu, Kevin and Ganesan, Deepak},
  booktitle={Proceedings of the 8th international conference on Mobile systems, applications, and services},
  pages={195--208},
  year={2010},
  organization={ACM}
}


@inproceedings{pannuto2015mbus,
 author = {Pannuto, Pat and Lee, Yoonmyung and Kuo, Ye-Sheng and Foo, ZhiYoong and Kempke, Benjamin and Kim, Gyouho and Dreslinski, Ronald G. and Blaauw, David and Dutta, Prabal},
 title = {MBus: An Ultra-low Power Interconnect Bus for Next Generation Nanopower Systems},
 booktitle = {Proceedings of the 42Nd Annual International Symposium on Computer Architecture},
 series = {ISCA '15},
 year = {2015},
 isbn = {978-1-4503-3402-0},
 location = {Portland, Oregon},
 pages = {629--641},
 numpages = {13},
 url = {http://doi.acm.org/10.1145/2749469.2750376},
 doi = {10.1145/2749469.2750376},
 acmid = {2750376},
 publisher = {ACM},
 address = {New York, NY, USA},
}


@inproceedings{gorlatova2014movers,
  title={Movers and shakers: Kinetic energy harvesting for the internet of things},
  author={Gorlatova, Maria and Sarik, John and Grebla, Guy and Cong, Mina and Kymissis, Ioannis and Zussman, Gil},
  booktitle={ACM SIGMETRICS Performance Evaluation Review},
  volume={42},
  number={1},
  pages={407--419},
  year={2014},
  organization={ACM}
}

@inproceedings{yerva2012grafting,
  title={Grafting energy-harvesting leaves onto the sensornet tree},
  author={Yerva, Lohit and Campbell, Brad and Bansal, Apoorva and Schmid, Thomas and Dutta, Prabal},
  booktitle={Proceedings of the 11th international conference on Information Processing in Sensor Networks},
  pages={197--208},
  year={2012},
  organization={ACM}
}

@inproceedings{rumberg2015ramp,
  title={RAMP: accelerating wireless sensor hardware design with a reconfigurable analog/mixed-signal platform},
  author={Rumberg, Brandon and Graham, David W and Clites, Spencer and Kelly, Brandon M and Navidi, Mir Mohammad and Dilello, Alex and Kulathumani, Vinod},
  booktitle={Proceedings of the 14th International Conference on Information Processing in Sensor Networks},
  pages={47--58},
  year={2015},
  organization={ACM}
}

@inproceedings{xiang2013powering,
  title={Powering indoor sensing with airflows: a trinity of energy harvesting, synchronous duty-cycling, and sensing},
  author={Xiang, Tianyu and Chi, Zicheng and Li, Feng and Luo, Jun and Tang, Lihua and Zhao, Liya and Yang, Yaowen},
  booktitle={Proceedings of the 11th ACM Conference on Embedded Networked Sensor Systems},
  pages={16},
  year={2013},
  organization={ACM}
}

@INPROCEEDINGS{kouche2014sprout,
author={A. E. Kouche and H. S. Hassanein and K. Obaia},
booktitle={Intelligent Sensors, Sensor Networks and Information Processing (ISSNIP), 2014 IEEE Ninth International Conference on},
title={WSN platform Plug-and-Play (PnP) customization},
year={2014},
pages={1-6},
keywords={protocols;wireless sensor networks;PnP customization;PnP protocol;PnP sensor module ports;Sprouts;WSN platform;plug-and-play customization;sensor modules;wireless sensor network;Payloads;Ports (Computers);Protocols;Standards;Ultrasonic imaging;Wireless sensor networks;Wires},
doi={10.1109/ISSNIP.2014.6827642},
month={April},}

@inproceedings{stecklina2012tandemstack,
  title={TandemStack-A Flexible and Customizable Sensor Node Platform for Low Power Applications.},
  author={Stecklina, Oliver and Genschow, Dieter and Goltz, Christian},
  booktitle={SENSORNETS},
  pages={65--72},
  year={2012}
}

@inproceedings{campbell2014thermo,
 author = {Campbell, Bradford and Ghena, Branden and Dutta, Prabal},
 title = {Energy-harvesting Thermoelectric Sensing for Unobtrusive Water and Appliance Metering},
 booktitle = {Proceedings of the 2Nd International Workshop on Energy Neutral Sensing Systems},
 series = {ENSsys '14},
 year = {2014},
 isbn = {978-1-4503-3189-0},
 location = {Memphis, Tennessee},
 pages = {7--12},
 numpages = {6},
 url = {http://doi.acm.org/10.1145/2675683.2675692},
 doi = {10.1145/2675683.2675692},
 acmid = {2675692},
 publisher = {ACM},
 address = {New York, NY, USA},
 keywords = {energy metering, energy-harvesting, water-sensing, wireless sensing},
}

@inproceedings{debruin2015powerblade,
  title={Powerblade: A low-profile, true-power, plug-through energy meter},
  author={DeBruin, Samuel and Ghena, Branden and Kuo, Ye-Sheng and Dutta, Prabal},
  booktitle={Proceedings of the 13th ACM Conference on Embedded Networked Sensor Systems},
  pages={17--29},
  year={2015},
  organization={ACM}
}
@inproceedings{campbell2014energy,
  title={An energy-harvesting sensor architecture and toolkit for building monitoring and event detection},
  author={Campbell, Bradford and Dutta, Prabal},
  booktitle={Proceedings of the 1st ACM Conference on Embedded Systems for Energy-Efficient Buildings},
  pages={100--109},
  year={2014},
  organization={ACM}
}

@inproceedings{debruin2013monjolo,
 author = {DeBruin, Samuel and Campbell, Bradford and Dutta, Prabal},
 title = {Monjolo: An Energy-harvesting Energy Meter Architecture},
 booktitle = {Proceedings of the 11th ACM Conference on Embedded Networked Sensor Systems},
 series = {SenSys '13},
 year = {2013},
 isbn = {978-1-4503-2027-6},
 location = {Roma, Italy},
 pages = {18:1--18:14},
 articleno = {18},
 numpages = {14},
 url = {http://doi.acm.org/10.1145/2517351.2517363},
 doi = {10.1145/2517351.2517363},
 acmid = {2517363},
 publisher = {ACM},
 address = {New York, NY, USA},
 keywords = {data aggregation, energy harvesting, intermittent power, power metering, wireless sensor networks},
}

@inproceedings{dutta2008building,
  title={A building block approach to sensornet systems},
  author={Dutta, Prabal and Taneja, Jay and Jeong, Jaein and Jiang, Xiaofan and Culler, David},
  booktitle={Proceedings of the 6th ACM conference on Embedded network sensor systems},
  pages={267--280},
  year={2008},
  organization={ACM}
}

@inproceedings{jhester:ufop:sensys,
 author = {Hester, Josiah and Sitanayah, Lanny and Sorber, Jacob},
 title = {Tragedy of the Coulombs: Federating Energy Storage for Tiny, Intermittently-Powered Sensors},
 booktitle = {Proceedings of the 13th ACM Conference on Embedded Networked Sensor Systems},
 series = {SenSys '15},
 year = {2015},
 isbn = {978-1-4503-3631-4},
 location = {Seoul, South Korea},
 pages = {5--16},
 numpages = {12},
 url = {http://doi.acm.org/10.1145/2809695.2809707},
 doi = {10.1145/2809695.2809707},
 acmid = {2809707},
 publisher = {ACM},
 address = {New York, NY, USA},
 keywords = {capacitor, embedded system, energy harvesting, federated energy, task coupling},
}

@article{margolies:enhants,
 author = {Margolies, Robert and Gorlatova, Maria and Sarik, John and Stanje, Gerald and Zhu, Jianxun and Miller, Paul and Szczodrak, Marcin and Vigraham, Baradwaj and Carloni, Luca and Kinget, Peter and Kymissis, Ioannis and Zussman, Gil},
 title = {Energy-Harvesting Active Networked Tags (EnHANTs): Prototyping and Experimentation},
 journal = {ACM Transactions on Sensor Networks},
 issue_date = {December 2015},
 volume = {11},
 number = {4},
 month = nov,
 year = {2015},
 issn = {1550-4859},
 pages = {62:1--62:27},
 articleno = {62},
 numpages = {27},
 url = {http://doi.acm.org/10.1145/2831236},
 doi = {10.1145/2831236},
 acmid = {2831236},
 publisher = {ACM},
 address = {New York, NY, USA},
 keywords = {Energy adaptive networking, cross-layer, energy harvesting, organic solar cells, ultra-low-power communications, ultra-wideband (UWB)},
}

@article{yeager2009neuralwisp,
  title={Neuralwisp: A wirelessly powered neural interface with 1-m range},
  author={Yeager, Daniel J and Holleman, Jeremy and Prasad, Richa and Smith, Joshua R and Otis, Brian P},
  journal={IEEE Transactions on Biomedical Circuits and Systems},
  volume={3},
  number={6},
  pages={379--387},
  year={2009},
  publisher={IEEE}
}

@article{sample2008design,
  title={Design of an RFID-based battery-free programmable sensing platform},
  author={Sample, Alanson P and Yeager, Daniel J and Powledge, Pauline S and Mamishev, Alexander V and Smith, Joshua R},
  journal={IEEE Transactions on Instrumentation and Measurement},
  volume={57},
  number={11},
  pages={2608--2615},
  year={2008},
  publisher={IEEE}
}

@article{sudevalayam2011energy,
  title={Energy harvesting sensor nodes: Survey and implications},
  author={Sudevalayam, Sujesha and Kulkarni, Purushottam},
  journal={Communications Surveys \& Tutorials, IEEE},
  volume={13},
  number={3},
  pages={443--461},
  year={2011},
  publisher={IEEE}
}

@inproceedings{dutta2008epic,
  title={Epic: An open mote platform for application-driven design},
  author={Dutta, Prabal and Culler, David},
  booktitle={Proceedings of the 7th international conference on Information processing in sensor networks},
  pages={547--548},
  year={2008},
  organization={IEEE Computer Society}
}



@inproceedings{smartdustkahn,
 author = {Kahn, J. M. and Katz, R. H. and Pister, K. S. J.},
 title = {Next Century Challenges: Mobile Networking for \&Ldquo;Smart Dust\&Rdquo;},
 booktitle = {Proceedings of the 5th Annual ACM/IEEE International Conference on Mobile Computing and Networking},
 series = {MobiCom '99},
 year = {1999},
 isbn = {1-58113-142-9},
 location = {Seattle, Washington, USA},
 pages = {271--278},
 numpages = {8},
 url = {http://doi.acm.org/10.1145/313451.313558},
 doi = {10.1145/313451.313558},
 acmid = {313558},
 publisher = {ACM},
 address = {New York, NY, USA},
}

@article{margolies2015energy,
  title={Energy-Harvesting Active Networked Tags (EnHANTs): Prototyping and Experimentation},
  author={Margolies, Robert and Gorlatova, Maria and Sarik, John and Stanje, Gerald and Zhu, Jianxun and Miller, Paul and Szczodrak, Marcin and Vigraham, Baradwaj and Carloni, Luca and Kinget, Peter and others},
  journal={ACM Transactions on Sensor Networks (TOSN)},
  volume={11},
  number={4},
  pages={62},
  year={2015},
  publisher={ACM}
}

@inproceedings{colin_edb,
 author = {Colin, Alexei and Sample, Alanson P. and Lucia, Brandon},
 title = {Energy-interference-free System and Toolchain Support for Energy-harvesting Devices},
 booktitle = {Proceedings of the 2015 International Conference on Compilers, Architecture and Synthesis for Embedded Systems},
 series = {CASES '15},
 year = {2015},
 isbn = {978-1-4673-8320-2},
 location = {Amsterdam, The Netherlands},
 pages = {35--36},
 numpages = {2},
 url = {http://dl.acm.org/citation.cfm?id=2830689.2830695},
 acmid = {2830695},
 publisher = {IEEE Press},
 address = {Piscataway, NJ, USA},
}


@INPROCEEDINGS{ekho-sensys,
  AUTHOR      = {J. Hester and T. Scott and J. Sorber},
  TITLE       = {{E}kho: {R}ealistic and {R}epeatable {E}xperimentation for {T}iny {E}nergy-{H}arvesting {S}ensors},
  BOOKTITLE   = {Proc. 12th ACM Conf. Embedded Network Sensor Systems (SenSys'14)},
  YEAR        = {2014},
  pages       = {1--15},
  address     = {Memphis, TN, USA},
  month       = {Nov.},
  publisher   = {ACM}
}

@INPROCEEDINGS{buettner2011dewdrop,
  AUTHOR      = {M. Buettner and B. Greenstein and D. Wetherall},
  TITLE       = {{D}ewdrop: {A}n {E}nergy-{A}ware {R}untime for {C}omputational {R}{F}{I}{D}},
  BOOKTITLE   = {Proc. 8th USENIX Conf. Networked Systems Design and Implementation (NSDI'11)},
  YEAR        = {2011},
  pages       = {197--210},
  address     = {Boston, MA, USA},
  month       = {Mar.},
  publisher   = {ACM},
  OPTnote     = {Adapts a tag's duty cycle to match the harvested power to the sensing and computation cost of tasks.},
}

@INPROCEEDINGS{ransford2011mementos,
  AUTHOR      = {B. Ransford and J. Sorber and K. Fu},
  TITLE       = {{M}ementos: {S}ystem {S}upport for {L}ong-{R}unning {C}omputation on {R}{F}{I}{D}-{S}cale {D}evices},
  BOOKTITLE   = {Proc. 16th Int'l Conf. Architectural Support for Programming Languages and Operating Systems (ASPLOS'11)},
  YEAR        = {2011},
  pages       = {159--170},
  address     = {Newport Beach, CA, USA},
  month       = {Mar.},
  publisher   = {ACM},
  OPTnote     = {Provides a mechanism for efficiently saving computational state to nonvolatile memory when power failures are imminent.},
}
@article{zhang2011moo,
  title={Moo: A batteryless computational RFID and sensing platform},
  author={Zhang, Hong and Gummeson, Jeremy and Ransford, Benjamin and Fu, Kevin},
  journal={Department of Computer Science, University of Massachusetts Amherst., Tech. Rep},
  year={2011}
}


@inproceedings{hester2015tragedy,
  title={Tragedy of the Coulombs: Federating Energy Storage for Tiny, Intermittently-Powered Sensors},
  author={Hester, Josiah and Sitanayah, Lanny and Sorber, Jacob},
  booktitle={Proceedings of the 13th ACM Conference on Embedded Networked Sensor Systems},
  pages={5--16},
  year={2015},
  organization={ACM}
}

@inproceedings{teixeira2007lightweight,
  title={Lightweight people counting and localizing in indoor spaces using camera sensor nodes},
  author={Teixeira, Thiago and Savvides, Andreas},
  booktitle={2007 First ACM/IEEE International Conference on Distributed Smart Cameras},
  pages={36--43},
  year={2007},
  organization={IEEE}
}

@article{tyndall2016occupancy,
  title={Occupancy Estimation Using a Low-Pixel Count Thermal Imager},
  author={Tyndall, Ash and Cardell-Oliver, Rachel and Keating, Adrian},
  journal={IEEE Sensors Journal},
  volume={16},
  number={10},
  pages={3784--3791},
  year={2016},
  publisher={IEEE}
}

@inproceedings{buettner2009activity,
 author = {Buettner, Michael and Prasad, Richa and Philipose, Matthai and Wetherall, David},
 title = {Recognizing Daily Activities with RFID-based Sensors},
 booktitle = {Proceedings of the 11th International Conference on Ubiquitous Computing},
 series = {UbiComp '09},
 year = {2009},
 isbn = {978-1-60558-431-7},
 location = {Orlando, Florida, USA},
 pages = {51--60},
 numpages = {10},
 url = {http://doi.acm.org/10.1145/1620545.1620553},
 doi = {10.1145/1620545.1620553},
 acmid = {1620553},
 publisher = {ACM},
 address = {New York, NY, USA},
 keywords = {activity detection, rfid, sensor networks, wisp},
} 


@inproceedings{pan2016occupant,
  title={Occupant traffic estimation through structural vibration sensing},
  author={Pan, Shijia and Mirshekari, Mostafa and Zhang, Pei and Noh, Hae Young},
  booktitle={SPIE Smart Structures and Materials+ Nondestructive Evaluation and Health Monitoring},
  pages={980306--980306},
  year={2016},
  organization={International Society for Optics and Photonics}
}

@INPROCEEDINGS{7036846, 
author={J. Hong and T. Ohtsuki}, 
booktitle={2014 IEEE Global Communications Conference}, 
title={Device-free passive localization from signal subspace eigenvectors}, 
year={2014}, 
pages={430-435}, 
keywords={antenna arrays;array signal processing;eigenvalues and eigenfunctions;radio networks;support vector machines;DFP localization systems;RSS only-based systems;antenna array;array signal features;centralized antenna;device-free passive localization;distributed antenna;fingerprinting technique;human body;localization accuracy;location-based services;multiclass support vector machines;multipath fading;non-line-of-sight;propagation environments;receive antenna placement;received signal strength measurement;signal subspace eigenvectors;spatial averaging;spatial variance;static environment;temporal averaging;temporal variance;wireless device;Accuracy;Antenna arrays;Arrays;Programmable logic arrays;Receiving antennas;Training}, 
doi={10.1109/GLOCOM.2014.7036846}, 
ISSN={1930-529X}, 
month={Dec}
}

@INPROCEEDINGS{yangoccupancy2014, 
author={Longqi Yang and K. Ting and M. B. Srivastava}, 
booktitle={Pervasive Computing and Communications (PerCom), 2014 IEEE International Conference on}, 
title={Inferring occupancy from opportunistically available sensor data}, 
year={2014}, 
pages={60-68}, 
keywords={building management systems;buildings (structures);control engineering computing;security of data;sensors;smart meters;billing;commercial buildings;demand-response management;electric company;external service provider;motion sensor;occupancy-related inference;opportunistically available sensor data;prediction strategy;private information;residential buildings;security company;sensory information;service providers;smart electric meter;utility infrastructure;Companies;Data models;Educational institutions;Hidden Markov models;Machine learning algorithms;Monitoring;Security}, 
doi={10.1109/PerCom.2014.6813945}, 
month={March}
}

@inproceedings{fishkin2005hands,
  title={Hands-On RFID: Wireless Wearables for Detecting Use of Objects},
  author={Fishkin, Kenneth P and Philipose, Matthai and Rea, Adam},
  booktitle={Proceedings of the Ninth IEEE International Symposium on Wearable Computers},
  pages={38--43},
  year={2005},
  organization={IEEE Computer Society}
}

@inproceedings{hnat2012doorjamb,
  title={Doorjamb: unobtrusive room-level tracking of people in homes using doorway sensors},
  author={Hnat, Timothy W and Griffiths, Erin and Dawson, Ray and Whitehouse, Kamin},
  booktitle={Proceedings of the 10th ACM Conference on Embedded Network Sensor Systems},
  pages={309--322},
  year={2012},
  organization={ACM}
}

@inproceedings{eriksson2007mspsim,
  title={Mspsim--an extensible simulator for msp430-equipped sensor boards},
  author={Eriksson, Joakim and Dunkels, Adam and Finne, Niclas and Osterlind, Fredrik and Voigt, Thiemo},
  booktitle="Proceedings of the European Conference on Wireless Sensor Networks (EWSN), Poster/Demo session"
}

@inproceedings{levis2003tossim,
  title={TOSSIM: Accurate and scalable simulation of entire TinyOS applications},
  author={Levis, Philip and Lee, Nelson and Welsh, Matt and Culler, David},
  booktitle={Proceedings of the 1st international conference on Embedded networked sensor systems},
  pages={126--137},
  year={2003},
  organization={ACM}
}

@inproceedings{perla2008powertossim,
  title={PowerTOSSIM z: realistic energy modelling for wireless sensor network environments},
  author={Perla, Enrico and Cath{\'a}in, Art {\'O} and Carbajo, Ricardo Simon and Huggard, Meriel and Mc Goldrick, Ciar{\'a}n},
  booktitle={Proceedings of the 3nd ACM workshop on Performance monitoring and measurement of heterogeneous wireless and wired networks},
  pages={35--42},
  year={2008},
  organization={ACM}
}

@inproceedings{Tinsley:2015:ECT:2820645.2820648,
 author = {Tinsley, Nick F. and Witts, Stuart T. and Ansell, Jacob M.R. and Barnes, Emily and Jenkins, Simeon M. and Raveendran, Dhanushan and Merrett, Geoff V. and Weddell, Alex S.},
 title = {Enspect: A Complete Tool Using Modeling and Real Data to Assist the Design of Energy Harvesting Systems},
 booktitle = {Proceedings of the 3rd International Workshop on Energy Harvesting \&\#38; Energy Neutral Sensing Systems},
 series = {ENSsys '15},
 year = {2015},
 isbn = {978-1-4503-3837-0},
 location = {Seoul, South Korea},
 pages = {27--32},
 numpages = {6},
 url = {http://doi.acm.org/10.1145/2820645.2820648},
 doi = {10.1145/2820645.2820648},
 acmid = {2820648},
 publisher = {ACM},
 address = {New York, NY, USA},
 keywords = {design tools, energy harvesting, modeling},
} 

@inproceedings{Hester:2014:ERR:2668332.2668336,
 author = {Hester, Josiah and Scott, Timothy and Sorber, Jacob},
 title = {Ekho: Realistic and Repeatable Experimentation for Tiny Energy-harvesting Sensors},
 booktitle = {Proceedings of the 12th ACM Conference on Embedded Network Sensor Systems},
 series = {SenSys '14},
 year = {2014},
 isbn = {978-1-4503-3143-2},
 location = {Memphis, Tennessee},
 pages = {1--15},
 numpages = {15},
 url = {http://doi.acm.org/10.1145/2668332.2668336},
 doi = {10.1145/2668332.2668336},
 acmid = {2668336},
 publisher = {ACM},
 address = {New York, NY, USA},
 keywords = {I-V curves, RFID, emulation, energy harvesting, instrument},
} 

@inproceedings{Colin:2016:EHD:2872362.2872409,
 author = {Colin, Alexei and Harvey, Graham and Lucia, Brandon and Sample, Alanson P.},
 title = {An Energy-interference-free Hardware-Software Debugger for Intermittent Energy-harvesting Systems},
 booktitle = {Proceedings of the Twenty-First International Conference on Architectural Support for Programming Languages and Operating Systems},
 series = {ASPLOS '16},
 year = {2016},
 isbn = {978-1-4503-4091-5},
 location = {Atlanta, Georgia, USA},
 pages = {577--589},
 numpages = {13},
 url = {http://doi.acm.org/10.1145/2872362.2872409},
 doi = {10.1145/2872362.2872409},
 acmid = {2872409},
 publisher = {ACM},
 address = {New York, NY, USA},
 keywords = {energy-harvesting},
} 

@article{Ransford:2011:MSS:1961296.1950386,
 author = {Ransford, Benjamin and Sorber, Jacob and Fu, Kevin},
 title = {Mementos: System Support for Long-running Computation on RFID-scale Devices},
 journal = {SIGPLAN Not.},
 issue_date = {March 2011},
 volume = {46},
 number = {3},
 month = mar,
 year = {2011},
 issn = {0362-1340},
 pages = {159--170},
 numpages = {12},
 url = {http://doi.acm.org/10.1145/1961296.1950386},
 doi = {10.1145/1961296.1950386},
 acmid = {1950386},
 publisher = {ACM},
 address = {New York, NY, USA},
 keywords = {computational rfid, energy-aware checkpointing, mementos, rfid-scale devices},
} 
